% This file was created with JabRef 2.10.
% Encoding: Cp1252


@Book{Adzic201106,
  Title                    = {Specification by Example: How Successful Teams Deliver the Right Software},
  Author                   = {Gojko Adzic},
  Publisher                = {Manning Publications},
  Year                     = {2011},
  Edition                  = {1},
  Month                    = {6},

  Abstract                 = {Specification by Example is an emerging practice for creating software based on realistic examples, bridging the communication gap between business stakeholders and the dev teams building the software. In this book, author Gojko Adzic distills interviews with successful teams worldwide, sharing how they specify, develop, and deliver software, without defects, in short iterative delivery cycles.},
  ISBN                     = {9781617290084},
  Price                    = {$49.99},
  Timestamp                = {2015.03.08},
  Totalpages               = {296},
  Url                      = {http://amazon.com/o/ASIN/1617290084/}
}

@Article{Brooks1987,
  Title                    = {No Silver Bullet Essence and Accidents of Software Engineering},
  Author                   = {Frederick P. Brooks},
  Journal                  = {Computer},
  Year                     = {1987},

  Month                    = {Apr},
  Number                   = {4},
  Volume                   = {20},

  Doi                      = {10.1109/mc.1987.1663532},
  ISSN                     = {0018-9162},
  Owner                    = {Pedro},
  Publisher                = {Institute of Electrical \& Electronics Engineers (IEEE)},
  Timestamp                = {2015.03.07},
  Url                      = {http://dx.doi.org/10.1109/MC.1987.1663532}
}

@Book{Brooks197501,
  Title                    = {The Mythical Man-Month: Essays on Software Engineering},
  Author                   = {Frederick P. Brooks},
  Publisher                = {Addison-Wesley},
  Year                     = {1975},

  ISBN                     = {9780201006506},
  Price                    = {$24.75},
  Timestamp                = {2015.03.17},
  Totalpages               = {200},
  Url                      = {http://amazon.com/o/ASIN/0201006502/}
}

@Book{Chung2000,
  Title                    = {Non-Functional Requirements in Software Engineering},
  Author                   = {Chung, Lawrence and Nixon, Brian A. and Yu, Eric and Mylopoulos, John},
  Publisher                = {Springer Science + Business Media},
  Year                     = {2000},

  Doi                      = {10.1007/978-1-4615-5269-7},
  ISBN                     = {http://id.crossref.org/isbn/978-1-4615-5269-7},
  Owner                    = {Pedro},
  Timestamp                = {2015.03.08},
  Url                      = {http://dx.doi.org/10.1007/978-1-4615-5269-7}
}

@Article{Chung:2009vg,
  Title                    = {On Non-Functional Requirements in Software Engineering},
  Author                   = {Chung, L and do Prado Leite, JCS},
  Journal                  = {Conceptual modeling: Foundations and {\ldots}},
  Year                     = {2009}
}

@Article{Committee_1998,
  Title                    = {IEEE Standard for Application and Management of the Systems Engineering Process},
  Author                   = {Committee, Standards},
  Journal                  = {History},
  Number                   = {September},
  Pages                    = {97},
  Volume                   = {1998},

  Publisher                = {IEEE},
  Url                      = {http://ieeexplore.ieee.org/xpl/freeabs_all.jsp?arnumber=1511885}
}

@Article{Frese2014,
  Title                    = {Improving your odds for software project success},
  Author                   = {Frese, Robert and Sauter, Vicki},
  Journal                  = {IEEE Eng. Manag. Rev.},
  Year                     = {2014},
  Number                   = {4},
  Pages                    = {125â€“131},
  Volume                   = {42},

  Doi                      = {10.1109/emr.2014.6966952},
  ISSN                     = {0360-8581},
  Owner                    = {Pedro},
  Publisher                = {Institute of Electrical \& Electronics Engineers (IEEE)},
  Timestamp                = {2015.03.08},
  Url                      = {http://dx.doi.org/10.1109/EMR.2014.6966952}
}

@Article{Glinz:2007ehba,
  Title                    = {On Non-Functional Requirements},
  Author                   = {Glinz, M},
  Journal                  = {15th IEEE International Requirements Engineering Conference (RE 2007)},
  Year                     = {2007},
  Pages                    = {21--26}
}

@Book{Hull2011,
  Title                    = {Requirements Engineering},
  Author                   = {Hull, Elizabeth and Jackson, Ken and Dick, Jeremy},
  Publisher                = {Springer Science},
  Year                     = {2011},

  __markedentry            = {[Pedro:]},
  Doi                      = {10.1007/978-1-84996-405-0},
  ISBN                     = {http://id.crossref.org/isbn/978-1-84996-405-0},
  Owner                    = {Pedro},
  Timestamp                = {2015.03.08},
  Url                      = {http://dx.doi.org/10.1007/978-1-84996-405-0}
}

@Book{Leffingwell2011,
  Title                    = {Agile software requirements : lean requirements practices for teams, programs, and the enterprise},
  Author                   = {Leffingwell, Dean},
  Year                     = {2011},

  Abstract                 = {This text includes comprehensive solutions, proven processes and real-world insights for capturing requirements at the right level of detail without compromising agility.},
  Booktitle                = {The Agile software development series},
  ISBN                     = {9780321635846 (hardcover alk. paper)$\backslash$r0321635841 (hardcover alk. paper)},
  Keywords                 = {Agile software development.},
  Pages                    = {xxxv, 518 p.},
  Pmid                     = {16508219}
}

@Article{Matoussi:2008wr,
  Title                    = {A Survey of Non-Functional Requirements in Software Development Process},
  Author                   = {Matoussi, A and Laleau, R},
  Journal                  = {Departement d'Informatique Universite {\ldots}},
  Year                     = {2008}
}

@Misc{North2006,
  Title                    = {Introducing BDD},

  Author                   = {North, Dan},
  Year                     = {2006},

  Abstract                 = {My response is behaviour-driven development (BDD). It has evolved out of established agile practices and is designed to make them more accessible and effective for teams new to agile software delivery. Over time, BDD has grown to encompass the wider picture of agile analysis and automated acceptance testing.},
  Booktitle                = {Better Software Magazine},
  Url                      = {http://dannorth.net/introducing-bdd/}
}

@Book{Smart201410,
  Title                    = {BDD in Action: Behavior-driven development for the whole software lifecycle},
  Author                   = {John Ferguson Smart},
  Publisher                = {Manning Publications},
  Year                     = {2014},
  Edition                  = {1},
  Month                    = {10},

  ISBN                     = {9781617291654},
  Price                    = {$49.99},
  Timestamp                = {2015.03.08},
  Totalpages               = {384},
  Url                      = {http://amazon.com/o/ASIN/161729165X/}
}

@Book{Wiegers2013,
  Title                    = {Software Requirements (3rd Edition) (Developer Best Practices)},
  Author                   = {Karl Wiegers and Joy Beatty},
  Publisher                = {Microsoft Press},
  Year                     = {2013},

  Owner                    = {Pedro},
  Timestamp                = {2015.03.08}
}

@Article{Leite:2005wpba,
  Title                    = {Quality-based software reuse},
  Author                   = {Yu, Y and Liu, L and Eric, S K and do Prado Leite, JCS},
  Journal                  = {Advanced Information {\ldots}},
  Year                     = {2005}
}

